@book{陈阅增2014普通生物学,
  title          = {普通生物学},
  author         = {吴相钰 and 陈守良 and 葛明德},
  publisher      = {高等教育出版社},
  year           = {2014},
  isbn           = {978-7-04-039631-7},
  url            = {C:\Users\WYL\Documents\Book\普通生物学\普通生物学(第四版)_陈阅增_高教.pdf}
}

@article{WhuEducationRevolution,
  title           = {颂扬教育革命 批判奇谈怪论},
  author          = {新华社武汉},
  journal         = {人民日报},
  year            = {1976},
  month           = {2},
  volume          = {10071},
  number          = {},
  pages           = {2,4},
  url             = {http://data.people.com.cn/rmrb/19760204/1},
}